<record><leader>00000cas a2200000 a 4500</leader><controlfield tag="001">9470809</controlfield><controlfield tag="008">830502d19061939dcudr ne      0   a0eng c</controlfield><datafield ind1=" " ind2=" " tag="010"><subfield code="a">sn 83045433 </subfield></datafield><datafield ind1=" " ind2=" " tag="040"><subfield code="a">CRL</subfield><subfield code="b">eng</subfield><subfield code="c">CRL</subfield><subfield code="d">NPW</subfield><subfield code="d">NPU</subfield><subfield code="d">NPY</subfield><subfield code="d">PPM</subfield><subfield code="d">DLC</subfield><subfield code="d">NLG</subfield><subfield code="d">MFN</subfield><subfield code="d">KNP</subfield><subfield code="d">DCN</subfield><subfield code="d">DLC</subfield><subfield code="d">OCL</subfield><subfield code="d">DLC</subfield><subfield code="d">UPM</subfield><subfield code="d">OCLCQ</subfield><subfield code="d">OCLCF</subfield><subfield code="d">OCLCO</subfield></datafield><datafield ind1="1" ind2=" " tag="022"><subfield code="a">1941-0662</subfield><subfield code="l">1941-0662</subfield><subfield code="2">1</subfield></datafield><datafield ind1="1" ind2=" " tag="029"><subfield code="a">AU@</subfield><subfield code="b">000002714343</subfield></datafield><datafield ind1="1" ind2=" " tag="029"><subfield code="a">NZ1</subfield><subfield code="b">16070500</subfield></datafield><datafield ind1=" " ind2=" " tag="042"><subfield code="a">pcc</subfield><subfield code="a">nsdp</subfield></datafield><datafield ind1=" " ind2=" " tag="043"><subfield code="a">n-us---</subfield></datafield><datafield ind1="0" ind2="0" tag="050"><subfield code="a">Newspaper</subfield></datafield><datafield ind1="0" ind2=" " tag="130"><subfield code="a">Washington herald (Washington, D.C.)</subfield></datafield><datafield ind1=" " ind2="4" tag="222"><subfield code="a">The Washington herald</subfield><subfield code="b">(Washington, D.C.)</subfield></datafield><datafield ind1="1" ind2="4" tag="245"><subfield code="a">The Washington herald.</subfield></datafield><datafield ind1="1" ind2="3" tag="246"><subfield code="a">Washington times-herald</subfield></datafield><datafield ind1="1" ind2="3" tag="246"><subfield code="a">Washington herald times</subfield></datafield><datafield ind1=" " ind2=" " tag="260"><subfield code="a">Washington, D.C. :</subfield><subfield code="b">Washington Herald Co.</subfield></datafield><datafield ind1=" " ind2=" " tag="300"><subfield code="a">v.</subfield></datafield><datafield ind1=" " ind2=" " tag="310"><subfield code="a">Daily</subfield></datafield><datafield ind1="0" ind2=" " tag="362"><subfield code="a">No. 1 (Oct. 8. 1906)-no. 5857 (Nov. 18, 1922) ; Vol. 1, no. 1 (Nov. 19, 1922)-v. 17, no. 67 (Jan. 31, 1939).</subfield></datafield><datafield ind1=" " ind2=" " tag="500"><subfield code="a">On Sunday published as: Washington times-herald, Nov. 19, 1922-Apr. 15, 1923; Washington herald times, Sept. 26, 1937-Jan. 29, 1939.</subfield></datafield><datafield ind1=" " ind2=" " tag="530"><subfield code="a">Also available on microfilm from the Library of Congress,Photoduplication Service.</subfield></datafield><datafield ind1=" " ind2=" " tag="530"><subfield code="a">Archived issues are available in digital format as part of the Library of Congress Chronicling America online collection.</subfield></datafield><datafield ind1=" " ind2="0" tag="651"><subfield code="a">Washington (D.C.)</subfield><subfield code="v">Newspapers.</subfield></datafield><datafield ind1=" " ind2="7" tag="655"><subfield code="a">Newspapers.</subfield><subfield code="2">fast</subfield><subfield code="0">(OCoLC)fst01423814</subfield></datafield><datafield ind1=" " ind2="7" tag="651"><subfield code="a">Washington (D.C.)</subfield><subfield code="2">fast</subfield><subfield code="0">(OCoLC)fst01204505</subfield></datafield><datafield ind1=" " ind2=" " tag="752"><subfield code="a">United States</subfield><subfield code="b">District of Columbia</subfield><subfield code="d">Washington.</subfield></datafield><datafield ind1="0" ind2="8" tag="776"><subfield code="i">Issued also online:</subfield><subfield code="t">Washington herald (Washington, D.C.)</subfield><subfield code="w">(DLC)  2008264013</subfield><subfield code="w">(OCoLC)190847538</subfield></datafield><datafield ind1="0" ind2="7" tag="785"><subfield code="t">Washington times (Washington, D.C. : 1902)</subfield><subfield code="w">(DLC)sn 84026749</subfield><subfield code="w">(OCoLC)10630160</subfield></datafield><datafield ind1="0" ind2="7" tag="785"><subfield code="t">Times herald (Washington, D.C.)</subfield><subfield code="w">(DLC)sn 85040694</subfield><subfield code="w">(OCoLC)12270503</subfield></datafield><datafield ind1="4" ind2="1" tag="856"><subfield code="u">http://www.loc.gov/chroniclingamerica/lccn/sn83045433/issues</subfield></datafield></record>